ISA*00*          *00*          *ZZ*133052274      *ZZ*954550547      *150724*0238*^*00501*141365179*0*P*:~
GS*HP*133052274*954550547*20150724*0238*1*X*005010X221A1~
ST*835*000000362~
BPR*I*24310.81*C*ACH*CCP*01*081517693*DA*00000152302017024*1351840597**01*021303618*DA*12130188*20150724~
TRN*1*EFT2487390*1351840597*12M35~
DTM*405*20150723~
N1*PR*NATIONAL GOVERNMENT SERVICES #13001~
N3*P.O. BOX 7111~
N4*INDIANAPOLIS*IN*462077111~
REF*2U*12M35~
PER*CX*NATIONAL GOVERNMENT SERVICES, INC.*TE*8888554356~
PER*BL*EDI HELP DESK*EM*NGS_EDI_PARTA WELLPOINT.COM*TE*8772734334*EX*5024232356~
N1*PE*ONEIDA HEALTH SYSTEMS, INC*XX*1528011632~
N3*323 GENESEE ST~
N4*ONEIDA*NY*134212611~
REF*TJ*161492011~
LX*1~
TS3*1528011632*21*20151231*3*65006.03~
TS2*31579.56**********2*71*71~
CLP*GAG26723*19*32704.53*9370.29*4567.5*MA*21519100706004NYA*21*3~
CAS*CO*45*18575.51**253*191.23~
CAS*PR*2*4567.5~
NM1*QC*1*HASH*J****HN*077346688A~
NM1*TT*2*COVENTRY - FEDERAL PLANS*****PI*000080187~
MIA*0****MA01**********30*****N742*MA18~
DTM*232*20150601~
DTM*233*20150630~
DTM*050*20150710~
AMT*AU*32704.53~
QTY*CA*30~
QTY*CD*29~
CLP*GAG24534*19*17203.5*6914.96*2520*MA*21519100712304NYA*21*4~
CAS*CO*45*7627.42**253*141.12~
CAS*PR*2*2520~
NM1*QC*1*ROBERTS*MARY*C***HN*122012735A~
NM1*TT*2*BLUE CROSS BLUE SHIELD OF WNY*****PI*000000115~
MIA*0****MA01**********23*****N742*MA18~
DTM*232*20150601~
DTM*233*20150624~
DTM*050*20150710~
AMT*AU*17203.5~
QTY*CA*23~
QTY*CD*16~
CLP*GAG30342*1*15098*7716.97**MA*21519100690904NYA*21*1~
CAS*CO*45*7223.54**253*157.49~
NM1*QC*1*STOOK*M*H***HN*127181307D~
MIA*0****MA01**********18*****N742~
DTM*232*20150612~
DTM*233*20150630~
DTM*050*20150710~
AMT*AU*15098~
QTY*CA*18~
LX*2~
TS3*1528011632*22*20151231*3*2623.75************2623.75*314.91~
CLP*GAF70763*1*153.5*14.08**MA*21519100802604NYA*22*1~
NM1*QC*1*JORDAN*M****HN*117144214A~
MOA*.28*14.37*MA01*N742~
DTM*232*20150504~
DTM*233*20150504~
DTM*050*20150710~
AMT*AU*153.5~
AMT*DY*.28~
SVC*HC:80053*153.5*14.08*0300*1~
DTM*472*20150504~
CAS*CO*45*139.13**253*.29~
AMT*B6*153.5~
CLP*GAG27591*1*1833.5*204.58**MA*21519100066807NYA*22*1~
NM1*QC*1*MINARDI*CAROLYN****HN*010309639A~
MOA*.28*208.77*MA01*N742~
REF*EA*X004013573~
DTM*232*20150610~
DTM*233*20150630~
DTM*050*20150710~
AMT*AU*1833.5~
AMT*DY*.28~
SVC*HC:80048*103.75*10.69*0301*1~
DTM*472*20150622~
CAS*CO*45*92.84**253*.22~
REF*6R*EI070915214355591-03~
AMT*B6*103.75~
SVC*HC:80053*153.5*14.08*0301*1~
DTM*472*20150614~
CAS*CO*45*139.13**253*.29~
REF*6R*EI070915214355591-01~
AMT*B6*153.5~
SVC*HC:80053*153.5*14.08*0301*1~
DTM*472*20150620~
CAS*CO*45*139.13**253*.29~
REF*6R*EI070915214355591-02~
AMT*B6*153.5~
SVC*HC:80053*153.5*14.08*0301*1~
DTM*472*20150623~
CAS*CO*45*139.13**253*.29~
REF*6R*EI070915214355591-04~
AMT*B6*153.5~
SVC*HC:80053*153.5*14.08*0301*1~
DTM*472*20150624~
CAS*CO*45*139.13**253*.29~
REF*6R*EI070915214355591-05~
AMT*B6*153.5~
SVC*HC:80053*153.5*14.08*0301*1~
DTM*472*20150628~
CAS*CO*45*139.13**253*.29~
REF*6R*EI070915214355591-06~
AMT*B6*153.5~
SVC*HC:85007*41.5*4.59*0305*1~
DTM*472*20150614~
CAS*CO*45*36.82**253*.09~
REF*6R*EI070915214355591-07~
AMT*B6*41.5~
SVC*HC:85007*41.5*4.59*0305*1~
DTM*472*20150620~
CAS*CO*45*36.82**253*.09~
REF*6R*EI070915214355591-09~
AMT*B6*41.5~
SVC*HC:85007*41.5*4.59*0305*1~
DTM*472*20150622~
CAS*CO*45*36.82**253*.09~
REF*6R*EI070915214355591-11~
AMT*B6*41.5~
SVC*HC:85007*41.5*4.59*0305*1~
DTM*472*20150624~
CAS*CO*45*36.82**253*.09~
REF*6R*EI070915214355591-14~
AMT*B6*41.5~
SVC*HC:85025*91.25*10.31*0305*1~
DTM*472*20150623~
CAS*CO*45*80.73**253*.21~
REF*6R*EI070915214355591-13~
AMT*B6*91.25~
SVC*HC:85027*87.25*8.63*0305*1~
DTM*472*20150614~
CAS*CO*45*78.44**253*.18~
REF*6R*EI070915214355591-08~
AMT*B6*87.25~
SVC*HC:85027*87.25*8.63*0305*1~
DTM*472*20150620~
CAS*CO*45*78.44**253*.18~
REF*6R*EI070915214355591-10~
AMT*B6*87.25~
SVC*HC:85027*87.25*8.63*0305*1~
DTM*472*20150622~
CAS*CO*45*78.44**253*.18~
REF*6R*EI070915214355591-12~
AMT*B6*87.25~
SVC*HC:85027*87.25*8.63*0305*1~
DTM*472*20150624~
CAS*CO*45*78.44**253*.18~
REF*6R*EI070915214355591-15~
AMT*B6*87.25~
SVC*HC:87040*131.5*13.77*0306*1~
DTM*472*20150614~
CAS*CO*45*117.45**253*.28~
REF*6R*EI070915214355591-16~
AMT*B6*131.5~
SVC*HC:87040:91*131.5*13.77*0306*1~
DTM*472*20150614~
CAS*CO*45*117.45**253*.28~
REF*6R*EI070915214355591-20~
AMT*B6*131.5~
SVC*HC:87077*31*10.78*0306*1~
DTM*472*20150614~
CAS*CO*45*20**253*.22~
REF*6R*EI070915214355591-17~
AMT*B6*31~
SVC*HC:87088*31*10.8*0306*1~
DTM*472*20150614~
CAS*CO*45*19.98**253*.22~
REF*6R*EI070915214355591-18~
AMT*B6*31~
SVC*HC:87186*31*11.18*0306*1~
DTM*472*20150614~
CAS*CO*45*19.59**253*.23~
REF*6R*EI070915214355591-19~
AMT*B6*31~
CLP*GAG29599*1*636.75*89.93**MA*21519100802004NYA*22*1~
NM1*QC*1*TARRY*B*R***HN*385121159A~
MOA*.28*91.77*MA01*N742~
DTM*232*20150628~
DTM*233*20150629~
DTM*050*20150710~
AMT*AU*636.75~
AMT*DY*.28~
SVC*HC:87045*131.5*12.59*0300*1~
DTM*472*20150628~
CAS*CO*45*118.65**253*.26~
AMT*B6*131.5~
SVC*HC:87328*216*15.27*0300*1~
DTM*472*20150628~
CAS*CO*45*200.42**253*.31~
AMT*B6*216~
SVC*HC:87493*228.25*46.8*0300*1~
DTM*472*20150629~
CAS*CO*45*180.49**253*.96~
AMT*B6*228.25~
SVC*HC:87899*61*15.27*0300*1~
DTM*472*20150628~
CAS*CO*45*45.42**253*.31~
AMT*B6*61~
SE*198*000000362~
GE*1*1~
IEA*1*141365179~